% ---------------------------------------------------------------- %
% Prof. Gittenberger's literature

@book{cvetkovic1980spectra,
  title={Spectra of Graphs: Theory and Application},
  author={Cvetkovic, D.M. and Cvetkovi{\'c}, D.M. and Doob, M. and Sachs, H.},
  isbn={9780121951504},
  lccn={83178872},
  series={Pure and applied mathematics : a series of monographs and textbooks},
  url={https://books.google.at/books?id=n-7uAAAAMAAJ},
  year={1980},
  publisher={Academic Press}
}

@book{balakrishnan2012textbook,
  title={A Textbook of Graph Theory},
  author={Balakrishnan, R. and Ranganathan, K.},
  isbn={9781461445296},
  lccn={2012946176},
  series={Universitext},
  url={https://books.google.at/books?id=mpgu6wgnZgYC},
  year={2012},
  publisher={Springer New York}
}

% ---------------------------------------------------------------- %
% my literature

@book{li2012graph,
  title={Graph Energy},
  author={Li, X. and Shi, Y. and Gutman, I.},
  isbn={9781461442202},
  series={SpringerLink : B{\"u}cher},
  url={https://books.google.at/books?id=90U4suPlWS4C},
  year={2012},
  publisher={Springer New York}
}

@book{wagner2018introduction,
  title={Introduction to Chemical Graph Theory},
  author={Wagner, S. and Wang, H.},
  isbn={9780429833984},
  lccn={2018019473},
  series={Discrete Mathematics and Its Applications},
  url={https://books.google.at/books?id=dDduDwAAQBAJ},
  year={2018},
  publisher={CRC Press}
}

@book{brokate2015grundwissen,
  title={Grundwissen Mathematikstudium: H{\"o}here Analysis, Numerik und Stochastik},
  author={Brokate, M. and Henze, N. and Hettlich, F. and Meister, A. and Schranz-Kirlinger, G. and Sonar, T. and Rademacher, D.},
  isbn={9783642450785},
  url={https://books.google.at/books?id=eQRcCgAAQBAJ},
  year={2015},
  publisher={Springer Berlin Heidelberg}
}

% ---------------------------------------------------------------- %
