@article{runnalls,
author = {Runnalls, A.R.},
year = {2007},
month = {08},
pages = {989 - 999},
title = {Kullback-Leibler Approach to Gaussian Mixture Reduction},
volume = {43},
journal = {Aerospace and Electronic Systems, IEEE Transactions on},
doi = {10.1109/TAES.2007.4383588}
}

@misc{ mixture_distribution,
    author = "{Wikipedia contributors}",
    title = "Mixture distribution --- {Wikipedia}{,} The Free Encyclopedia",
    year = "2019",
    url = "https://en.wikipedia.org/w/index.php?title=Mixture_distribution&oldid=907975664",
    note = "[Online; accessed 23-August-2019]"
  }
  
  @misc{lognormal_distribution,
    author = "{Wikipedia contributors}",
    title = "Log-normal distribution --- {Wikipedia}{,} The Free Encyclopedia",
    year = "2019",
    url = "https://en.wikipedia.org/w/index.php?title=Log-normal_distribution&oldid=911825253",
    note = "[Online; accessed 23-August-2019]"
  }
  
 @misc{kullback_leibler_divergence,
    author = "{Wikipedia contributors}",
    title = "Kullback-Leibler divergence --- {Wikipedia}{,} The Free Encyclopedia",
    year = "2019",
    url = "https://en.wikipedia.org/w/index.php?title=Kullback%E2%80%93Leibler_divergence&oldid=910706659",
    note = "[Online; accessed 23-August-2019]"
  }
  
 @misc{log-sum-inequality,
    author = "{Wikipedia contributors}",
    title = "Log sum inequality --- {Wikipedia}{,} The Free Encyclopedia",
    year = "2018",
    url = "https://en.wikipedia.org/w/index.php?title=Log_sum_inequality&oldid=852889708",
    note = "[Online; accessed 23-August-2019]"
  }
  
@article{k-l-div-between-two-lognormals,
author = {Gil, M and Alajaji, F and Linder, T},
year = {2013},
month = {11},
pages = {124-131},
title = {Renyi divergence measures for commonly used univariate continuous distributions},
volume = {249},
journal = {Information Sciences},
doi = {10.1016/j.ins.2013.06.018}
}