@misc{NMskript,
    author = {Lothar Nannen},
    title = {Numerische Mathematik A},
    year = {2019},
    month = {08}
}

@misc{GrillSkript,
    author = {Karl Grill},
    title = {{Ma{ss}- und Wahrscheinlichkeitstheorie}},
    year = {2018},
    month = {01}
}

@Book{zbMATH06477452,
 Author = {Michael {Kaltenb\"ack}},
 Title = {{Fundament Analysis.}},
 ISBN = {978-3-88538-126-6/hbk},
 Pages = {ix + 488},
 Year = {2014},
 Publisher = {Lemgo: Heldermann Verlag},
 Language = {German},
 MSC2010 = {26-01 26A03 26A06 26A24 26A42 26B05 54-01 30-01 46-01},
 Zbl = {1332.26002}
}

@Book{zbMATH05069011,
 Author = {Hans {Havlicek}},
 Title = {{Lineare Algebra f\"ur Technische Mathematiker.}},
 ISBN = {3-88538-116-8/hbk},
 Pages = {xii + 405},
 Year = {2006},
 Publisher = {Lemgo: Heldermann Verlag},
 Language = {German},
 MSC2010 = {15-01 15A04 15A06 15A15 15A63 51N10},
 Zbl = {1121.15001}
}

@Book{zbMATH06257850,
 Author = {Norbert {Kusolitsch}},
 Title = {{Ma{\ss}- und Wahrscheinlichkeitstheorie. Eine Einf\"uhrung.}},
 FJournal = {{Springer-Lehrbuch}},
 Journal = {{Springer-Lehrb.}},
 ISSN = {0937-7433},
 Edition = {2nd revised and extended ed.},
 ISBN = {978-3-642-45386-1/pbk; 978-3-642-45387-8/ebook},
 Pages = {xi + 353},
 Year = {2014},
 Publisher = {Heidelberg: Springer Spektrum},
 Language = {German},
 MSC2010 = {28-01 60-01 28Axx 28Bxx 60Bxx},
 Zbl = {1283.28001}
}