@unpublished{Num,
  author = {Lothar Nannen},
  title  = {Numerische Mathematik A, Wintersemester 2019/2020},
  note   = {},
  url    = {https://tiss.tuwien.ac.at/education/course/documents.xhtml?dswid=6959&dsrid=486&courseNr=101313&semester=2019W#}
}

@unpublished{EWPs,
  author = {Lothar Nannen},
  title  = {Eigenwertprobleme},
  note   = {},
  year   = {2020},
}


