@book{MesserMichaelSTuP,
publisher = {Springer Berlin Heidelberg},
booktitle = {Statistik},
isbn = {3662593386},
title = {Statistik: Theorie und Praxis im Dialog},
copyright = {Springer-Verlag GmbH Deutschland, ein Teil von Springer Nature 2019},
language = {ger},
address = {Berlin, Heidelberg},
author = {Messer, Michael and Schneider, Gaby},
keywords = {Biostatistics ; Statistical Theory and Methods ; Probability Theory and Stochastic Processes ; Mathematics and Statistics ; Statistics},
}

