BOOKS

@book{HanRituale,
    Title           =  {{Vom Verschwinden der Rituale}},
    Author          =  "Byung-Chul Han",
    Publisher       =  "Ullstein",
    Year            =  "2019",
    Edition         =  "Erste",
}

@book{B1,
    Title           =  {{Der Mensch eine Maschine}},
    Author          =  "Julien Offray de la Mettrie",
    Publisher       =  "JMV",
    Year            =  "1747",
}

@book{B2,
    Title           =  {{Superintelligence}},
    Author          =  "Nick Bostrom",
    Publisher       =  "Oxford University Press",
    Year            =  "2014",
    Edition         =  "first",
}

@book{B3,
    Title           =  {{KÃ¼nstliche Intelligenz und der Sinn des Lebens}},
    Author          =  "Richard David Precht",
    Publisher       =  "Goldmann",
    Year            =  "2020",
    Edition         =  "fifth",
}


ARTICLES

@article{SchefferRegimeNature,
    author          =  "Marten Scheffer and Steve Carpenter and Jonathan Foley and Carl Folke and Brian Walkerk",
    title           =  "Catastrophic shifts in ecosystems",
    journal         =  "Nature",
    volume          =  "413",
    Year            =  "2001",
}


WEBSITS, PODCASTS, etc

@misc{WeinsteinThielPortal,
    author          = {Eric Weinstein and Peter Thiel},
    title           = {{Peter Thiel on ``The Portal'', Episode 001: ``An Era of Stagnation and Universal Institutional Failure.''}},
    howpublished    = {\url{https://www.youtube.com/watch?v=nM9f0W2KD5s}},
    note            = {Online; accessed 30.08.2019} 
}

@misc{PopperPortrait,
    author          = {Lucinda Douglas-Menzies},
    title           = {{Portrait von Karl Popper}},
    howpublished    = {\url{https://commons.wikimedia.org/wiki/Category:Karl_Popper\#/media/File:Karl\_Popper2.jpg}},
    note            = {Online; accessed 30.08.2019} 
}

