@misc{spiegel2018constructive,
	title={A Constructive Proof of a General Wigner's Theorem}, 
	author={Daniel D. Spiegel},
	year={2018},
	eprint={1810.10111},
	archivePrefix={arXiv},
	primaryClass={math-ph}
}

@article{Bargmann_1964,
	title={Note on Wigner’s Theorem on Symmetry Operations},
	volume={5},
	ISSN={1089-7658},
	url={http://dx.doi.org/10.1063/1.1704188},
	DOI={10.1063/1.1704188},
	number={7},
	journal={Journal of Mathematical Physics},
	publisher={AIP Publishing},
	author={Bargmann, V.},
	year={1964},
	month={Jul},
	pages={862–868}
}

@article{Geh_r_2014,
	title={An elementary proof for the non-bijective version of Wigner’s theorem},
	volume={378},
	ISSN={0375-9601},
	url={http://dx.doi.org/10.1016/j.physleta.2014.05.039},
	DOI={10.1016/j.physleta.2014.05.039},
	number={30-31},
	journal={Physics Letters A},
	publisher={Elsevier BV},
	author={Gehér, Gy.P.},
	year={2014},
	month={Jun},
	pages={2054–2057}
}