@book{IDT,
title = {The Infinite-Dimensional Topology of Function Spaces},
author = {Jan van Mill},
series = {North-Holland Mathematical Library},
publisher = {Elsevier},
volume = {64},
year = {2001},
issn = {0924-6509},

}

@book{Ana1&2,
  title     = {Fundament Analysis},
  author    = {Michael Kaltenb{\"a}ck},
  isbn      = {978-3-88538-126-6},
  series    = {Berliner Studienreihe zur Mathematik},
  url       = {https://www.asc.tuwien.ac.at/analysis/lehrveranstaltungen/michael-kaltenbaeck/fundament-analysis/},
  year      = {2014},
  publisher = {Heldermann Verlag}
}


@unpublished{FAna1,
  author = {Harald Woracek and Michael Kaltenb{\"a}ck and Martin Bl{\"u}mlinger},
  title  = {Funktionalanalysis},
  note   = {Lecture Script},
  year   = {2020},
  url    = {https://www.asc.tuwien.ac.at/analysis/skripten}
}

@unpublished{Alg1&2,
  author = {Martin Goldstern und Reinhard Winkler},
  title  = {Algebra},
  note   = {Lecture Script},
  year   = {2020},
  url    = {https://dmg.tuwien.ac.at/winkler/skripten/}
}

@unpublished{LGM,
  author = {Martin Goldstern, Moritz Gschwandter und Stefan Hetzl},
  title  = {Logik und Grundlagen},
  note   = {Lecture Script},
  year   = {2020},
  url    = {https://dmg.tuwien.ac.at/goldstern/lgm/}
}

@unpublished{Top,
  author = {A. Buchinger and Ch. Twaroch},
  title  = {Topologie},
  note   = {Lecture Script},
  year   = {2019},
  url    = {http://www.asc.tuwien.ac.at/~funkana/skripten/topologie_kal.pdf}
}

@book{ToR,
  title={Theory of Retracts},
  author={Hu, S.T.},
  isbn={9780814312537},
  lccn={64025182},
  year={1965},
  publisher={Wayne State University Press}
}
