@book{zeigler2000theory,
  title={Theory of Modeling and Simulation: Integrating Discrete Event and Continuous Complex Dynamic Systems},
  author={Zeigler, B.P. and Praehofer, H. and Kim, T.G.},
  isbn={9780127784557},
  lccn={99064635},
  url={http://books.google.at/books?id=REzmYOQmHuQC},
  year={2000},
  publisher={Academic Press}
}

@book{CK06,
  author = {Cellier, F.E. and Kofman, E.},
  editor = {},
  title = {{Continuous System Simulation}},
  publisher = {Springer},
  year = {2006},
  address = {New York},
  url = {http://www.inf.ethz.ch/personal/cellier/Pubs/Sim/springer_2.html}
}

@book{BEBG93,
  author = {Breitenecker, F. and Ecker, H. and Bausch-Gall, I.},
  editor = {},
  title = {{Simulation mit ACSL},{Eine Einführung in die Modellbildung, numerischen Methoden und Simulation}},
  publisher = {Springer Fachmedien Wiesbaden},
  year = {1993},
  isbn = {978-3-528-06381-8},
  doi = {10.1007/978-3-322-96175-4},
  address = {Postfach 5829, D-65048 Wiesbaden},
}

@article{BK11,
  author = {Bergero, F. and Kofman, E.},
  title = {{PowerDEVS. A Tool for Hybrid System Modeling and Real Time Simulation}},
  journal = {Simulation: Transactions of the Society for Modeling
  and Simulation International},
  year = {2011},
  volume = {87},
  number = {1--2},
  pages = {113--132},
  url = {files/bergero_kofman_pd.pdf},
  http = {http://sim.sagepub.com/content/87/1-2/113}
}

@article{BAMA14,
  author = {Popper, N. and Hafner, I. and Rössler, M. and Preyser, F. and Heinzl, B. and Smolek, P. and Leobner, I. },
  title = {{A General Concept for Description of Production Plants with a Concept of Cubes}},
  journal = {Simulation Notes Europe},
  year = {2014},
  volume = {24},
  number = {2},
  pages = {105--114},
  doi = {10.11128/sne.24.tn.102247}
}
  
@INPROCEEDINGS{p.zeigler:hierarchical,
AUTHOR = "Bernard P. Zeigler and J. H. Hu and Jerzy W. Rozenblit",
TITLE = "Hierarchical, modular modelling in DEVS-scheme",
BOOKTITLE = "Winter Simulation Conference'89",
PAGES = {84-89},
YEAR = {1989}, 
}  

