@book{Ana1&2,
  title     = {Fundament Analysis},
  author    = {Michael Kaltenb{\"a}ck},
  isbn      = {978-3-88538-126-6},
  series    = {Berliner Studienreihe zur Mathematik},
  url       = {https://www.asc.tuwien.ac.at/analysis/lehrveranstaltungen/michael-kaltenbaeck/fundament-analysis/},
  year      = {2014},
  publisher = {Heldermann Verlag}
}

@book{LinAG1&2,
  title     = {Lineare Algebra für Technische Mathematiker},
  author    = {Hans Havlicek},
  isbn      = {978-3-88538-116-7},
  series    = {Berliner Studienreihe zur Mathematik},
  url       = {https://www.heldermann.de/BSM/BSM16/bsm16.htm},
  year      = {2012},
  publisher = {Heldermann Verlag}
}

@unpublished{MassWHT1&2,
  author = {Karl Grill},
  title  = {Ma{\ss}- und Wahrscheinlichkeitstheorie},
  note   = {Lecture Script},
  year   = {2018},
  url    = {https://institute.tuwien.ac.at/index.php?id=19290}
}

@book{kusolitsch2014maß,
  title     = {Ma{\ss}- und Wahrscheinlichkeitstheorie: Eine Einf{\"u}hrung},
  author    = {Kusolitsch, N.},
  isbn      = {9783642453878},
  series    = {Springer-Lehrbuch},
  url       = {https://books.google.at/books?id=\_6AhBAAAQBAJ},
  year      = {2014},
  publisher = {Springer Berlin Heidelberg}
}

@unpublished{Ana3,
  author = {Martin Bl{\"u}mlinger},
  title  = {Analysis 3},
  note   = {Lecture Script},
  year   = {2019},
  url    = {https://www.asc.tuwien.ac.at/~blue/Ana3_19.pdf}
}

@unpublished{EOpt,
  author = {Vladimir M. Veliov},
  title  = {Introduction to Mathematical Optimization},
  note   = {Lecture Script},
  year   = {2019},
  url    = {https://tiss.tuwien.ac.at/education/course/documents.xhtml?courseNr=105614&semester=2019W&dswid=1047&dsrid=751#}
}

@unpublished{NumA,
  author = {Lothar Nannen},
  title  = {Numerische Mathematik A},
  note   = {Lecture Script},
  year   = {2019/2020},
  url    = {https://tiss.tuwien.ac.at/education/course/documents.xhtml?dswid=5513&dsrid=57&courseNr=101313&semester=2019W#}
}

@unpublished{Alg1&2,
  author = {Martin Goldstern und Reinhard Winkler},
  title  = {Algebra},
  note   = {Lecture Script},
  year   = {2020},
  url    = {https://dmg.tuwien.ac.at/winkler/skripten/}
}

@unpublished{FAna1,
  author = {Harald Woracek and Michael Kaltenb{\"a}ck and Martin Bl{\"u}mlinger},
  title  = {Funktionalanalysis},
  note   = {Lecture Script},
  year   = {2020},
  url    = {https://www.asc.tuwien.ac.at/analysis/skripten}
}

@unpublished{NumODEs,
  author = {Michael Innerberger, Lothar Nannen, Dirk Praetorius},
  title  = {Numerics of differential equations},
  note   = {Lecture Script},
  year   = {2020},
  url    = {https://tiss.tuwien.ac.at/education/course/documents.xhtml?dswid=8978&dsrid=222&courseNr=101316&semester=2020S#}
}

@unpublished{ODEs,
  author = {Jens Markus Melnek},
  title  = {Gew{\"o}hnliche Differentialgleichungen},
  note   = {Lecture Script},
  year   = {2016},
  url    = {https://tiss.tuwien.ac.at/education/course/documents.xhtml?dswid=3638&dsrid=907&courseNr=101665&semester=2020S#}
}

@unpublished{DGA,
  author = {Stefan Hetzl},
  title  = {Diskrete und Geometrische Algorithmen?},
  note   = {Lecture Script},
  year   = {2020}
}
@unpublished{LGM,
  author = {Martin Goldstern, Moritz Gschwandter und Stefan Hetzl},
  title  = {Logik und Grundlagen},
  note   = {Lecture Script},
  year   = {2020},
  url    = {https://dmg.tuwien.ac.at/goldstern/lgm/}
}

@unpublished{NumPDEs,
  author = {Michael Feischl and Dirk Praetorius},
  title  = {Numerics of Partial Differential Equaitons: Stationary Problems},
  note   = {Lecture Script},
  year   = {2020},
  url    = {https://tuwel.tuwien.ac.at/mod/resource/view.php?id=934666}
}

@unpublished{PDEs,
  author = {Ansgar J{\"u}ngel},
  title  = {Partielle Differentialgleichungen},
  note   = {Lecture Script},
  year   = {2019},
  url    = {https://www.asc.tuwien.ac.at/~juengel/scripts/PDE.pdf}
}

@book{evans2010partial,
  title     = {Partial Differential Equations},
  author    = {Evans, L.C.},
  isbn      = {9780821849743},
  lccn      = {2009044716},
  series    = {Graduate studies in mathematics},
  url       = {https://books.google.at/books?id=Xnu0o\_EJrCQC},
  year      = {2010},
  publisher = {American Mathematical Society}
}

@unpublished{ReiL,
  author = {Clemens Heitzinger},
  title  = {Reinforcement Learning: Algorithms & Convergence},
  note   = {Lecture Script},
  year   = {2021},
  url    = {https://tuwel.tuwien.ac.at/pluginfile.php/2509160/mod_label/intro/Book_RL_final.pdf?time=1615204812638}
}

@book{sutton2018reinforcement,
  title     = {Reinforcement Learning: An Introduction},
  author    = {Sutton, R.S. and Barto, A.G.},
  isbn      = {9780262039246},
  lccn      = {2018023826},
  series    = {Adaptive Computation and Machine Learning series},
  url       = {https://books.google.at/books?id=sWV0DwAAQBAJ},
  year      = {2018},
  publisher = {MIT Press}
}

@unpublished{EStat,
  author = {Efstathia Bura},
  title  = {Introduction to Statistics},
  note   = {Lecture Slides},
  year   = {2021}
}

@unpublished{ThI,
  author = {Stefan Hetzl},
  title  = {Theoretische Informatik},
  note   = {Lecture Script},
  year   = {2021},
  url    = {https://tuwel.tuwien.ac.at/mod/resource/view.php?id=1134881}
}