@misc{RobertKochInstitut,
    title     = "Epidemiologischer Steckbrief zu SARS-CoV-2 und COVID-19",
    url       = "https://www.rki.de/DE/Content/InfAZ/N/Neuartiges_Coronavirus/Steckbrief.html",
    note      = {Online; accessed 31 January 2020}
}

@misc{Spiegel,
  title     = "Der Hongkonger trifft zw√∂lf Menschen pro Tag",
  url       = "https://www.spiegel.de/wissenschaft/medizin/hongkong-ein-mensch-trifft-zwoelf-andere-menschen-pro-tag-a-1189603.html",
  note      = {Online; accessed 31 January 2020}
}

@misc{OrfCorona,
  url       = "https://orf.at/corona/daten/oesterreich/",
  note      = {Online; accessed 31 January 2020}
}

@misc{MassTests,
  url       = "https://de.statista.com/statistik/daten/studie/1193363/umfrage/ergebnisse-der-corona-massentests-in-oesterreich-nach-bundeslaendern/#:~:text=Ergebnisse%20der%20Corona%2DMassentests%20in%20%C3%96sterreich%20nach%20Bundesl%C3%A4ndern%20Dezember%202020&text=Im%20Bundesland%20Nieder%C3%B6sterreich%20lag%20die,Bev%C3%B6lkerung%20an%20den%20Massentests%20teil",
  note      = {Online, accessed 31 January 2020}
}
